% Version 3.0
% In dieses File sind die Quellen einzugeben.

% Es gibt verschiedene Arten von Quellen. M"oglich sind z.B.:
% article
% book
% ... (siehe http://de.wikipedia.org/wiki/BibTeX)

% Sollten hier Eintr"age fehlen (etwa ein Autor bei einem Artikel), dann wird man beim Durchlauf von BibTeX 
% darauf aufmerksam gemacht. Leere Felder werden von BibTeX ignoriert.
% Nicht zitierte Quellen dieses Files erscheinen nicht im Dokument!

% Achtung! Sollen Gro"ssbuchstaben oder deutsche Sonderzeichen verwendet werden, dann muss der gesamte Text in einer 
% ZUS"ATZLICHEN geschweiften Klammer geschrieben werden. Siehe Beispiele unten.	

% Bei Bedarf k"onnen im File *.bbl "Anderungen vorgenommen werden.

% HTML5 Canvas
@book{corehtml5canvas,
		author		=	{David Geary},
		title			=	{{Core HTML5 Canvas - Graphics, Animation and Game Development}},
    		publisher		=	{Prentice Hall},
    		year			=	{2012},
		month		=	{May},
		edition		=	{1}
}

@book{html5canvas,
		author		=	{Steve Fulton and Jeff Fulton},
		title			=	{{HTML5 Canvas}},
    		publisher		=	{O'Reilly Media},
    		year			=	{2011},
   		month		=	{May},
	 	edition		=	{1}
}

@book{foundationhtml5canvas,
		author		=	{Rob Hawkes},
		title			=	{{Foundation HTML5 Canvas: For Games and Entertainment}},
    		publisher		=	{friendsofED},
    		year			=	{2011},
   		month		=	{April},
	 	edition		=	{1}
}

@book{foundationhtml5animation,
		author		=	{Billy Lamberta and Keith Peters},
		title			=	{{Foundation HTML5 Animation with JavaScript}},
    		publisher		=	{friendsofED},
    		year			=	{2011},
   		month		=	{November},
	 	edition		=	{1}
}

@book{html5gamesdevelopment,
		author		=	{Makzan},
		title			=	{{HTML5 Games Development by Example: Beginner Guide}},
    		publisher		=	{Packt Publishing},
    		year			=	{2011},
   		month		=	{August},
	 	edition		=	{1}
}

@book{javascript,
		author		=	{Stefan Koch},
		title			=	{{JavaScript: Einf√ºhrung, Programmierung und Referenz}},
    		publisher		=	{Dpunkt Verlag},
    		year			=	{2011},
   		month		=	{August},
	 	edition		=	{6}
}

% Flash
@book{praxisbuchactionscript3,
		author		=	{Tobias Hauser and Armin Kappler and Christian Wenz},
		title			=	{{Das Praxisbuch ActionScript 3: Aktuell zu Adobe Flash CS5}},
    		publisher		=	{Galileo Design},
    		year			=	{2010},
   		month		=	{September},
	 	edition		=	{1}
}

@book{fundamentalsofactionscript3,
		author		=	{Doug Winnie},
		title			=	{{Fundamentals of ActionScript 3.0: Develop and Design}},
    		publisher		=	{Peachpit Press},
    		year			=	{2011},
   		month		=	{Juli},
	 	edition		=	{1}
}

@book{flashgamedevelopment,
		author		=	{Emanuele Feronato},
		title			=	{{Flash Game Development by Example}},
    		publisher		=	{Packt Publishing},
    		year			=	{2011},
   		month		=	{Mar},
	 	edition		=	{1}
}

@book{foundationactionscriptanimation,
		author		=	{Keith Peters},
		title			=	{{Foundation ActionScript 3.0 Animation: Making Things Move!}},
    		publisher		=	{friendsofED},
    		year			=	{2007},
   		month		=	{April},
	 	edition		=	{1}
}